@inproceedings{gensim,
     title = {{Software Framework for Topic Modelling with Large Corpora}},
     author = {Radim {\v R}eh{\r u}{\v r}ek and Petr Sojka},
     booktitle = {{Proceedings of the LREC 2010 Workshop on New
          Challenges for NLP Frameworks}},
     pages = {45--50},
     year = 2010,
     month = May,
     day = 22,
     publisher = {ELRA},
     address = {Valletta, Malta},
     note={\url{http://is.muni.cz/publication/884893/en}},
     language={English}
}

@online{weatherson,
   title={{A History of Philosophy Journals: Volume 1: Evidence from Topic Modeling, 1876-2013}},
   author={{Brian Weatherson}},
   year=2020,
   url={http://www-personal.umich.edu/~weath/lda/}}

 @online{ppnodp,
    title={{Papers Past newspaper open data pilot}},
    author={{National Library}},
    year=2020,
    url={https://natlib.govt.nz/about-us/open-data/papers-past-metadata/papers-past-newspaper-open-data-pilot}}
# acc 28012021

@online{ppnodp-copyright,
   title={{Copyright and re-use}},
   year=2020,
   url={https://natlib.govt.nz/about-us/open-data/papers-past-metadata/papers-past-newspaper-open-data-pilot/copyright-and-re-use-papers-past-newspaper-open-data-pilot}}
# acc 28012021
\url{}

@online{ppnodp-data-standards,
   title={{Data standards}},
   author={{National Library}},
   year=2020,
   url={https://natlib.govt.nz/about-us/open-data/papers-past-metadata/papers-past-newspaper-open-data-pilot/data-standards-papers-past-newspaper-open-data-pilot}}

@online{ppnodp-projects,
  title={{Projects}},
  author={{National Library}},
  year=2020,
  urldate={02/02/2021},
  url={https://natlib.govt.nz/about-us/open-data/papers-past-metadata/papers-past-newspaper-open-data-pilot/projects-papers-past-newspaper-open-data-pilot}}

@book{moretti,
  title={{Distant Reading}},
  author={{Moretti, Franco}},
  year=2013,
  address={{London}},
  published={{Verso}}
}

 @online{pp-about,
    title={{About Papers Past}},
    author={{National Library}},
    urldate={02/02/2021},
    url={https://paperspast.natlib.govt.nz/about}}

@incollection{davies-2014,
  title={{Idealist Origins: 1920s and Before}},
  author={{Martin Davies and Stein Helgeby}},
  booktitle={{History of Philosophy in Australia and New Zealand}},
  published={{Springer}},
  year=2014,
  editor={{Graham Oppy and N. N. Trakakis}},
  pages = {{15--54}},
  address = {{Dordrecht}}
  }


@incollection{oddie-1992,
  title={{Introduction}},
  author={{Graham Oddie and Roy W. Perret}},
  booktitle={{Justice, Ethics and New Zealand Society}},
  publisher={{Oxford University Press}},
  year=1992,
  editor={{Graham Oddie and Roy W. Perret}},
  address = {{Oxford}}
  }


@book{bird-2009,
  title={{Natural Language Processing with Python}},
  author = {{Steven Bird, Edward Loper and Ewan Klein}},
  year=2009,
  published = {{O'reilly Media Inc.}},
  address = {{Sebastopol}}
  }

@article{oxford-god,
  title={{Theological Debate}},
  journal={{Oxford Observer}},
  date={{24/12/1882}},
  pages={{3}},
  year = 1892,
  url={{https://paperspast.natlib.govt.nz/newspapers/OO18921224.2.5}}
  }

@article{suicide-example,
  title={{Random Shots}},
  journal={{Auckland Star}},
  date={{21/08/1886}},
  pages={{4}},
  year = 1886,
  url={{https://paperspast.natlib.govt.nz/newspapers/AS18860821.2.33}}
  }


@article{bruce-liberty,
  title={{Personal Liberty}},
  journal={{Bruce Herald}},
  date={{22/09/1899}},
  pages={{3}},
  year = 1899,
  url={{https://paperspast.natlib.govt.nz/newspapers/BH18990922.2.9.1}},
  volume = 30,
  issue=3101
  }

@online{mets-alto,
  title={{What is METS/ALTO?}},
  author={{Veridian Software}},
  url={{https://veridiansoftware.com/knowledge-base/metsalto/}},
  addendum={{accessed 22/01/2021}}}

@online{marc,
  title={{MARC 21 XML Schema}},
  author={{Library of Congress}},
  url={{http://www.loc.gov/standards/marcxml/}},
  addendum={{accessed 22/01/2021}}}

@online{cooccurrence-tutorial,
  title={{Tutorial 5: Co-occurrence analysis}},
  author={{Andreas Niekler and Gregor Wiedemann}},
  url={{https://tm4ss.github.io/docs/Tutorial_5_Co-occurrence.html}},
  date={{08/10/2020}},
  year=2020,
  addendum={{accessed 22/01/2021}}}

@article{harris2020array,
 title         = {Array programming with {NumPy}},
 author        = {Charles R. Harris and K. Jarrod Millman and St{'{e}}fan J.
                 van der Walt and Ralf Gommers and Pauli Virtanen and David
                 Cournapeau and Eric Wieser and Julian Taylor and Sebastian
                 Berg and Nathaniel J. Smith and Robert Kern and Matti Picus
                 and Stephan Hoyer and Marten H. van Kerkwijk and Matthew
                 Brett and Allan Haldane and Jaime Fern{'{a}}ndez del
                 R{'{\i}}o and Mark Wiebe and Pearu Peterson and Pierre
                 G{'{e}}rard-Marchant and Kevin Sheppard and Tyler Reddy and
                 Warren Weckesser and Hameer Abbasi and Christoph Gohlke and
                 Travis E. Oliphant},
 year          = {2020},
 month         = sep,
 journal       = {Nature},
 volume        = {585},
 number        = {7825},
 pages         = {357--362},
 doi           = {10.1038/s41586-020-2649-2},
 publisher     = {Springer Science and Business Media {LLC}},
 url           = {https://doi.org/10.1038/s41586-020-2649-2}
}

@online{plotly, author = {Plotly Technologies Inc.}, title = {Collaborative data science}, publisher = {Plotly Technologies Inc.}, address={https://plot.ly}}

@incollection{logdice,
  title={{A Lexicographer-Friendly Association Score}},
  author={{Pavel Rychlý}},
  booktitle={{RASLAN 2008: Recent Advances in Slavonic Natural Language Processing}},
  year=2008,
  editor={{P. Sojka and A. Horák}},
  publisher={{Masaryk University}},
  address={{Brno}}}


  @software{spacy,
    author = {Honnibal, Matthew and Montani, Ines and Van Landeghem, Sofie and Boyd, Adriane},
    title = {{spaCy: Industrial-strength Natural Language Processing in Python}},
    year = 2020,
    publisher = {Zenodo},
    doi = {10.5281/zenodo.1212303},
    url = {https://doi.org/10.5281/zenodo.1212303}
  }

@article{clothing-example,
  title={{POLICE COURT.—Saturday. [Before Thomas Beckham Esq., R.M.]}},
  journal={{Daily Southern Cross}},
  date={{29/12/1873}},
  pages={{3}},
  year = 1873,
  url={{https://paperspast.natlib.govt.nz/newspapers/BH18990922.2.9.1}},
  volume = 29,
  issue=5101
  }

  @article{scikit-learn,
   title={{Scikit-learn: Machine Learning in Python }},
   author={Pedregosa, F. and Varoquaux, G. and Gramfort, A. and Michel, V.
           and Thirion, B. and Grisel, O. and Blondel, M. and Prettenhofer, P.
           and Weiss, R. and Dubourg, V. and Vanderplas, J. and Passos, A. and
           Cournapeau, D. and Brucher, M. and Perrot, M. and Duchesnay, E.},
   journal={Journal of Machine Learning Research},
   volume={12},
   pages={2825--2830},
   year={2011}
  }

@inproceedings{zhang-2004,
author = {Zhang, Harry},
year = {2004},
month = {01},
pages = {},
title = {The Optimality of Naive Bayes},
volume = {2},
journal = {Proceedings of the Seventeenth International Florida Artificial Intelligence Research Society Conference, FLAIRS 2004}
}

@article{crane-2013,
	author = {Rosi Crane},
	title = { \"A dangerous visionary\"? The Lectures of the Evolutionist T.J. Parker},
	journal = {The Journal of New Zealand Studies},

	number = {15},
	year = {2013},
	keywords = {},
	abstract = {},
	issn = {2324-3740},	doi = {10.26686/jnzs.v0i15.2007},
	url = {https://ojs.victoria.ac.nz/jnzs/article/view/2007}
}

@article{ballantyne-2012,
	author = {Tony Ballantyne},
	title = { Reading the Newspaper in Colonial Otago},
	journal = {The Journal of New Zealand Studies},

	number = {12},
	year = {2012},
	keywords = {},
	abstract = {Reading the Newspaper in Colonial Otago},
	issn = {2324-3740},	doi = {10.26686/jnzs.v0i12.488},
	url = {https://ojs.victoria.ac.nz/jnzs/article/view/488}
}

@online{wordcloud,
  title = {Word Cloud},
  author = {Andreas Mueller},
  url= {https://amueller.github.io/word_cloud/index.html},
  year=2020,
  urldate={01/02/2021}
  }

@online{education-act,
  title={Education Act passed into law},
  url= {https://nzhistory.govt.nz/page/education-act-passed-law},
  year=2020,
  urldate={01/02/2021}
  }

  @COMMENT { BibTex package created from National Library of Australia Catalogue https://catalogue.nla.gov.au  }
  @Book{glymour,
  author = { Glymour, Clark N. },
  title = { Theory and evidence / Clark Glymour },
  isbn = { 069107240 0691100772 },
  publisher = { Princeton University Press Princeton, N.J },
  pages = { xi, 383 p. : },
  year = { 1980 },
  type = { Book },
  language = { English },
  subjects = { Theory (Philosophy); Evidence.; Science -- Philosophy. },
  life-dates = { 1980 -  },
  catalogue-url = { https://nla.gov.au/nla.cat-vn2720724 },
  }
